@article{VanDerWal2017,
  doi = {10.7717/peerj.3844},
  url = {https://doi.org/10.7717/peerj.3844},
  year = {2017},
  month = sep,
  publisher = {{PeerJ}},
  volume = {5},
  pages = {e3844},
  author = {Cara Van Der Wal and Shane T. Ahyong and Simon Y.W. Ho and Nathan Lo},
  title = {The evolutionary history of Stomatopoda (Crustacea: Malacostraca) inferred from molecular data},
  journal = {{PeerJ}}
}

@article{Taylor2015,
	doi = {10.1038/srep10608},
	url = {https://doi.org/10.1038/srep10608},
	year = {2015},
	month = jun,
	publisher = {Springer Science and Business Media {LLC}},
	volume = {5},
	number = {1},
	author = {Jennifer R. A. Taylor and Jasmine M. Gilleard and Michael C. Allen and Dimitri D. Deheyn},
	title = {Effects of {CO}2-induced {pH} reduction on the exoskeleton structure and biophotonic properties of the shrimp Lysmata californica},
	journal = {Scientific Reports}
}

@misc{noauthor_ocean_nodate,
	title = {Ocean acidification {\textbar} {National} {Oceanic} and {Atmospheric} {Administration}},
	url = {https://www.noaa.gov/education/resource-collections/ocean-coasts/ocean-acidification},
	urldate = {2021-05-15},
	file = {Ocean acidification | National Oceanic and Atmospheric Administration:/home/ethan/Zotero/storage/AMG2CZ6V/ocean-acidification.html:text/html},
}

@article{Huang2020,
	doi = {10.1038/s41563-020-0768-7},
	url = {https://doi.org/10.1038/s41563-020-0768-7},
	year = {2020},
	month = aug,
	publisher = {Springer Science and Business Media {LLC}},
	volume = {19},
	number = {11},
	pages = {1236--1243},
	author = {Wei Huang and Mehdi Shishehbor and Nicol{\'{a}}s Guar{\'{\i}}n-Zapata and Nathan D. Kirchhofer and Jason Li and Luz Cruz and Taifeng Wang and Sanjit Bhowmick and Douglas Stauffer and Praveena Manimunda and Krassimir N. Bozhilov and Roy Caldwell and Pablo Zavattieri and David Kisailus},
	title = {A natural impact-resistant bicontinuous composite nanoparticle coating},
	journal = {Nature Materials}
}

@article{Altaqui2021,
	doi = {10.1126/sciadv.abe3196},
	url = {https://doi.org/10.1126/sciadv.abe3196},
	year = {2021},
	month = mar,
	publisher = {American Association for the Advancement of Science ({AAAS})},
	volume = {7},
	number = {10},
	pages = {eabe3196},
	author = {Ali Altaqui and Pratik Sen and Harry Schrickx and Jeromy Rech and Jin-Woo Lee and Michael Escuti and Wei You and Bumjoon J. Kim and Robert Kolbas and Brendan T. O'Connor and Michael Kudenov},
	title = {Mantis shrimp{\textendash}inspired organic photodetector for simultaneous hyperspectral and polarimetric imaging},
	journal = {Science Advances}
}

@article{Donohue2018,
	doi = {10.1038/s41598-018-28004-w},
	url = {https://doi.org/10.1038/s41598-018-28004-w},
	year = {2018},
	month = jun,
	publisher = {Springer Science and Business Media {LLC}},
	volume = {8},
	number = {1},
	author = {Mary W. Donohue and Jonathan H. Cohen and Thomas W. Cronin},
	title = {Cerebral photoreception in mantis shrimp},
	journal = {Scientific Reports}
}

@article{Reaka1980,
	doi = {10.1016/s0003-3472(80)80014-5},
	url = {https://doi.org/10.1016/s0003-3472(80)80014-5},
	year = {1980},
	month = feb,
	publisher = {Elsevier {BV}},
	volume = {28},
	number = {1},
	pages = {111--115},
	author = {Marjorie Lindquist Reaka},
	title = {On learning and living in holes by mantis shrimp},
	journal = {Animal Behaviour}
}

@article{Rochette2017,
	doi = {10.1038/nprot.2017.123},
	url = {https://doi.org/10.1038/nprot.2017.123},
	year = {2017},
	month = nov,
	publisher = {Springer Science and Business Media {LLC}},
	volume = {12},
	number = {12},
	pages = {2640--2659},
	author = {Nicolas C Rochette and Julian M Catchen},
	title = {Deriving genotypes from {RAD}-seq short-read data using Stacks},
	journal = {Nature Protocols}
}

@article{Zhang2019,
	doi = {10.1038/s41467-018-08197-4},
	url = {https://doi.org/10.1038/s41467-018-08197-4},
	year = {2019},
	month = jan,
	publisher = {Springer Science and Business Media {LLC}},
	volume = {10},
	number = {1},
	author = {Xiaojun Zhang and Jianbo Yuan and Yamin Sun and Shihao Li and Yi Gao and Yang Yu and Chengzhang Liu and Quanchao Wang and Xinjia Lv and Xiaoxi Zhang and Ka Yan Ma and Xiaobo Wang and Wenchao Lin and Long Wang and Xueli Zhu and Chengsong Zhang and Jiquan Zhang and Songjun Jin and Kuijie Yu and Jie Kong and Peng Xu and Jack Chen and Hongbin Zhang and Patrick Sorgeloos and Amir Sagi and Acacia Alcivar-Warren and Zhanjiang Liu and Lei Wang and Jue Ruan and Ka Hou Chu and Bin Liu and Fuhua Li and Jianhai Xiang},
	title = {Penaeid shrimp genome provides insights into benthic adaptation and frequent molting},
	journal = {Nature Communications}
}

@inproceedings{Basch1993BiogeographyOH,
	title={Biogeography of Hemisquilla ensigera californiensis (Crustacea: Stomatopoda) with Emphasis on Southern California Bight Populations},
	author={L. V. Basch and J. Engle},
	year={1993}
}

@article{Patek2004,
	doi = {10.1038/428819a},
	url = {https://doi.org/10.1038/428819a},
	year = {2004},
	month = apr,
	publisher = {Springer Science and Business Media {LLC}},
	volume = {428},
	number = {6985},
	pages = {819--820},
	author = {S. N. Patek and W. L. Korff and R. L. Caldwell},
	title = {Deadly strike mechanism of a mantis shrimp},
	journal = {Nature}
}

@article{Patek2005,
	doi = {10.1242/jeb.01831},
	url = {https://doi.org/10.1242/jeb.01831},
	year = {2005},
	month = oct,
	publisher = {The Company of Biologists},
	volume = {208},
	number = {19},
	pages = {3655--3664},
	author = {S. N. Patek and R. L. Caldwell},
	title = {Extreme impact and cavitation forces of a biological hammer: strike forces of the peacock mantis shrimp Odontodactylus scyllarus},
	journal = {Journal of Experimental Biology}
}

@article{Cronin2014,
	doi = {10.1098/rstb.2013.0032},
	url = {https://doi.org/10.1098/rstb.2013.0032},
	year = {2014},
	month = feb,
	publisher = {The Royal Society},
	volume = {369},
	number = {1636},
	pages = {20130032},
	author = {Thomas W. Cronin and Michael J. Bok and N. Justin Marshall and Roy L. Caldwell},
	title = {Filtering and polychromatic vision in mantis shrimps: themes in visible and ultraviolet vision},
	journal = {Philosophical Transactions of the Royal Society B: Biological Sciences}
}

@article{Milius2012,
	doi = {10.1002/scin.5591820609},
	url = {https://doi.org/10.1002/scin.5591820609},
	year = {2012},
	month = sep,
	publisher = {Wiley},
	volume = {182},
	number = {6},
	pages = {11--11},
	author = {Susan Milius},
	title = {Life: Mantis shrimp flub color vision test: Results suggest alternate way of detecting wavelengths},
	journal = {Science News}
}

@article{Yang2018,
	doi = {10.1007/s00343-018-7030-z},
	url = {https://doi.org/10.1007/s00343-018-7030-z},
	year = {2018},
	month = may,
	publisher = {Springer Science and Business Media {LLC}},
	volume = {36},
	number = {3},
	pages = {905--912},
	author = {Mei Yang and Xinzheng Li},
	title = {Population genetic structure of the mantis shrimp Oratosquilla oratoria (Crustacea: Squillidae) in the Yellow Sea and East China Sea},
	journal = {Journal of Oceanology and Limnology}
}

@article{Antony2010,
	doi = {10.1016/j.ecolmodel.2010.07.017},
	url = {https://doi.org/10.1016/j.ecolmodel.2010.07.017},
	year = {2010},
	month = oct,
	publisher = {Elsevier {BV}},
	volume = {221},
	number = {21},
	pages = {2604--2614},
	author = {P.J. Antony and S. Dhanya and P.S. Lyla and B.M. Kurup and S. Ajmal Khan},
	title = {Ecological role of stomatopods (mantis shrimps) and potential impacts of trawling in a marine ecosystem of the southeast coast of India},
	journal = {Ecological Modelling}
}


@incollection{Mead2010,
	doi = {10.1007/978-0-387-77101-4_11},
	url = {https://doi.org/10.1007/978-0-387-77101-4_11},
	year = {2010},
	publisher = {Springer New York},
	pages = {219--238},
	author = {Kristina Mead and Roy Caldwell},
	title = {Mantis Shrimp: Olfactory Apparatus and Chemosensory Behavior},
	booktitle = {Chemical Communication in Crustaceans}
}


@article{Peterson2012,
	doi = {10.1371/journal.pone.0037135},
	url = {https://doi.org/10.1371/journal.pone.0037135},
	year = {2012},
	month = may,
	publisher = {Public Library of Science ({PLoS})},
	volume = {7},
	number = {5},
	pages = {e37135},
	author = {Brant K. Peterson and Jesse N. Weber and Emily H. Kay and Heidi S. Fisher and Hopi E. Hoekstra},
	editor = {Ludovic Orlando},
	title = {Double Digest {RADseq}: An Inexpensive Method for De Novo {SNP} Discovery and Genotyping in Model and Non-Model Species},
	journal = {{PLoS} {ONE}}
}

@article{rad2011,
	doi = {10.1093/bfgp/elr007},
	url = {https://doi.org/10.1093/bfgp/elr007},
	year = {2011},
	month = feb,
	publisher = {Oxford University Press ({OUP})},
	volume = {10},
	number = {2},
	pages = {108--108},
	title = {{RADSeq}: next-generation population genetics},
	journal = {Briefings in Functional Genomics}
}


@article{Zhang2019,
	doi = {10.1038/s41467-018-08197-4},
	url = {https://doi.org/10.1038/s41467-018-08197-4},
	year = {2019},
	month = jan,
	publisher = {Springer Science and Business Media {LLC}},
	volume = {10},
	number = {1},
	author = {Xiaojun Zhang and Jianbo Yuan and Yamin Sun and Shihao Li and Yi Gao and Yang Yu and Chengzhang Liu and Quanchao Wang and Xinjia Lv and Xiaoxi Zhang and Ka Yan Ma and Xiaobo Wang and Wenchao Lin and Long Wang and Xueli Zhu and Chengsong Zhang and Jiquan Zhang and Songjun Jin and Kuijie Yu and Jie Kong and Peng Xu and Jack Chen and Hongbin Zhang and Patrick Sorgeloos and Amir Sagi and Acacia Alcivar-Warren and Zhanjiang Liu and Lei Wang and Jue Ruan and Ka Hou Chu and Bin Liu and Fuhua Li and Jianhai Xiang},
	title = {Penaeid shrimp genome provides insights into benthic adaptation and frequent molting},
	journal = {Nature Communications}
}

@article{Kang2015,
	doi = {10.3109/19401736.2015.1053120},
	url = {https://doi.org/10.3109/19401736.2015.1053120},
	year = {2015},
	month = jul,
	publisher = {Informa {UK} Limited},
	volume = {27},
	number = {4},
	pages = {2842--2843},
	author = {Hye-Eun Kang and Jung Nyun Kim and Tae-Ho Yoon and Kyeong Dong Park and Won gyu Park and Hyun Park and Hyun Woo Kim},
	title = {Total mitochondrial genome of mantis shrimp,  Squilloides leptosquilla (Brooks,  1886) (Crustacea: Stomatopoda: Squillidae) in Korean waters},
	journal = {Mitochondrial {DNA} Part A}
}
